2574 4920
170 260 221 349 40
263 346 265 349 ,
309 333 314 338 ,
490 253 802 342 c.v11.s.1v.

168 397 343 503 principio
374 395 499 470 mundi
530 397 679 470 desertae
715 425 855 500 semper
880 397 1052 501 ficerunt,
1081 408 1141 484 ita

168 548 285 613 nunc,
302 546 406 593 causa
418 517 595 594 latronum
606 517 910 595 Nortmannorum
921 526 994 623 (ι),
1008 554 1140 605 racuae

167 641 389 717 anachoretis
406 642 482 739 (s),
502 640 617 741 plenae
636 643 956 718 innumerabilibus
979 649 1111 725 ovibus
1120 705 1138 747 ,

167 792 208 840 ac
239 765 384 840 diversis
405 764 595 865 generibus
617 765 740 838 multis
772 765 877 839 nimis
908 769 1138 847 marinarum

167 886 302 962 svium.
321 883 517 991 Nunquam
541 915 599 961 eas
614 887 747 964 insulas
766 871 806 962 in
825 887 927 964 libris
946 908 1141 970 aucarum

174 1023 385 1091 memoratas
402 1007 613 1085 invenimus.

583 1233 610 1301 ς.
643 1223 721 1289 1v.

213 1428 247 1479 1.
267 1373 385 1477 Julius
408 1401 546 1474 Solinus
564 1399 603 1472 in
629 1396 859 1476 collectaneis
873 1403 920 1478 de
938 1403 1137 1482 Germania

160 1541 270 1627 atque
281 1523 404 1596 insulis
415 1522 491 1622 ejus
510 1551 520 1593 ι
538 1520 582 1591 In
597 1521 664 1592 hoc
680 1535 818 1616 tractu,
836 1538 875 1596 et
896 1524 937 1598 in
960 1529 1057 1601 omni
1073 1555 1134 1602 se·

39 1643 42 1649 ’
158 1635 1134 1748 ptentrionisplaga,bisontasfrequentissimi,qui,bo·

158 1768 227 1843 bus
248 1763 333 1839 feris
355 1763 484 1836 similes
501 1760 578 1858 (3),
602 1763 708 1836 setosi
730 1765 818 1838 collo
829 1816 843 1858 ,
859 1765 949 1864 juba
963 1766 1129 1861 horridi,

157 1885 254 1962 ultra
279 1897 400 1961 taurcn
423 1881 659 1984 pernicitate,
685 1885 780 1986 capti
799 1911 991 1960 assuescere
1010 1914 1134 1969 ,manu

157 2007 332 2085 nesciunt.
347 2006 440 2079 Sunt
451 2021 489 2079 et
506 2005 563 2080 uri
578 2007 633 2105 (4)
651 2032 739 2109 quos
756 2006 965 2110 imperitum
978 2009 1032 2105 (5)
1047 2010 1132 2082 rul-

157 2156 223 2233 gus
232 2143 341 2213 ,vocat
352 2126 505 2205 'bubalos
517 2126 570 2224 (6)
576 2154 588 2220 3
608 2153 690 2201 cum
706 2125 829 2200 bubali
844 2156 937 2237 pane
954 2130 999 2204 ad
1015 2129 1131 2206 cervi-
1237 2158 1240 2162 ’

106 2270 110 2275 ·
156 2276 243 2325 nam
256 2246 384 2327 faciem
396 2250 434 2325 in
448 2242 570 2321 Africa
586 2264 831 2350 procreentur.
851 2251 932 2325 Istis
949 2253 1003 2354 (7)
1020 2281 1134 2356 porro

156 2399 246 2478 quos
258 2399 341 2446 uros
357 2371 526 2465 dicimus,
540 2369 682 2443 taurina
692 2393 823 2442 cornua
834 2371 872 2441 in
886 2387 1025 2446 tantum
1044 2401 1128 2444 mo-

156 2493 245 2591 dum
265 2494 555 2593 protenduntur,
573 2507 616 2564 ut
635 2490 779 2590 dempta
806 2488 862 2591 (8)
888 2491 934 2563 ob
947 2491 1131 2593 insignem

155 2610 388 2716 capacitatem
399 2617 495 2693 inter
504 2611 618 2717 regias
627 2639 765 2687 mensas
773 2629 922 2715 potuum
932 2612 1059 2714 gerula
1068 2619 1129 2717 (9)

155 2733 261 2809 fiant.

123 2910 127 2915 -
162 2926 168 2931 .
203 2886 238 2931 2.
259 2858 368 2931 Esset
379 2858 469 2930 alces
483 2853 588 2933 mulis
599 2851 836 2954 comparanda
844 2854 933 2928 adeo
945 2883 1126 2958 propenso
1197 2917 1210 2937 .

51 2980 58 2997 ‘
153 2976 253 3051 labro
273 2976 478 3078 superiore,
496 2986 538 3046 ut
558 3024 570 3067 ,
598 2973 667 3082 nisi
686 2973 854 3051 recedens
874 2957 912 3052 in
928 2981 1128 3081 posteriora

154 3097 301 3203 vestigia
319 3093 431 3200 pasci,
450 3097 520 3195 (10)
538 3122 610 3169 non
626 3113 749 3200 queat.
768 3099 901 3175 Gravia
918 3103 993 3199 (11)
1010 3086 1128 3177 insula

194 3371 240 3441 (1)
250 3367 283 3431 N
285 3387 512 3429 ormannorurn.
525 3367 573 3444 A,
582 3366 626 3429 G.
669 3376 717 3444 (n)
732 3369 916 3432 Anchoritia.
930 3370 1018 3450 A,B.
1030 3369 1127 3430 Ana·-

152 3467 325 3527 soricino.
368 3469 950 3555 (ΜαίεἰωίΙοι.Α.ΡίοῐίείφίΙοι.Β.
984 3474 1128 3549 ((λῦἰτί.

152 3568 188 3663 1).
205 3582 238 3632 st
253 3570 340 3651 infra
351 3572 445 3635 Urna.
518 3577 564 3652 (5)
581 3577 618 3636 In
633 3576 786 3641 neritum.
802 3583 843 3642 A.
865 3580 1065 3643 Immensum.
1078 3581 1124 3643 B.

154 3680 203 3750 (b)
224 3671 357 3736 Bubalcs
375 3691 471 3739 vocat.
490 3678 530 3739 B.
616 3684 661 3760 (7)
675 3681 741 3742 Isti.
757 3685 799 3745 A.
881 3686 931 3763 (8)
951 3687 1058 3766 Dspts.
1077 3686 1126 3753 Β.

151 3781 345 3868 (9)Gssulas.
361 3781 399 3848 Β.
468 3785 535 3861 (ιο)
548 3780 656 3867 Quasi.
683 3784 799 3866 Cosa,
852 3790 993 3869 (siffis.
1011 3790 1124 3859 codd.
