2574 4920
153 280 199 357 70
494 235 637 327 (XIX.
663 257 691 335 S.
711 242 765 322 V:

136 380 272 472 diculi.
297 400 340 471 In
363 395 552 470 altitudine
576 391 783 467 ascensionis
807 368 1007 492 Alpinius]
1043 376 1134 464 'fone

152 520 246 622 legi3
266 520 328 593 sed
350 547 420 592 non
443 517 608 590 recordor
620 517 659 586 in
677 541 748 616 quo
763 513 856 584 libro
868 514 984 612 reperi
998 515 1076 612 (a).

204 667 241 712 2.
261 640 473 738 Quanquam
490 636 687 708 Priscianus
710 634 750 705 in
777 631 977 734 Perlegesi,
1002 632 1132 734 Pyre-

156 787 275 833 naeum
288 767 339 858 (2)
352 758 534 857 Hispaniae
549 771 708 833 montem
726 752 916 827 sublimem
932 753 1069 841 nimis,
1087 753 1130 824 in

156 880 223 952 hoc
235 905 338 953 versu
356 877 498 950 edocuit
515 877 632 949 dicens
651 904 661 946 s
1087 871 1092 877 ’

218 1051 371 1132 Pyrennes
382 1046 491 1109 coelnm
500 1048 555 1129 qni
567 1049 665 1127 tangit
673 1047 782 1107 vertice
792 1064 934 1123 summo;

156 1219 277 1275 tamen
306 1202 459 1275 Isidorus
486 1194 729 1298 Hispaniensis
754 1191 998 1298 episcopusin
1021 1218 1133 1267 11111

162 1320 254 1392 libro
286 1319 483 1420 praedicto,
516 1317 696 1389 Solonium
727 1332 883 1388 montem
915 1342 989 1388 esse
1001 1370 1015 1409 ,
1051 1313 1136 1416 Py-

14 1518 17 1528 ,
151 1448 275 1528 ¹renaeo
296 1440 347 1539 (3)
370 1432 593 1511 excelsiorem
623 1435 677 1508 his
704 1436 924 1514 sermonibus
951 1433 1136 1505 ostendit.

34 1656 37 1666 Ι
158 1561 317 1633 Solurius
342 1558 625 1660 asingularitete
654 1558 808 1653 dicitur,
836 1557 931 1658 quod
957 1553 1139 1628 omnibus

160 1681 341 1781 Hispaniae
362 1680 542 1757 montibus
562 1680 656 1754 solus
680 1678 783 1752 altior
797 1678 971 1751 videatur.

601 1880 628 1948 i·
650 1872 693 1938 V.

164 2026 303 2106 Drcnca,
316 2027 464 2109 accipiens
475 2029 522 2106 (4)
534 2048 589 2112 ego
597 2042 688 2092 tracta
700 2027 871 2089 auctoribus
881 2027 961 2104 ista,

163 2132 262 2194 Pauca
274 2131 381 2214 loquar
397 2135 479 2193 senis
489 2147 583 2194 metro
594 2135 633 2194 da
645 2134 800 2194 montibus
813 2130 896 2196 altis.

165 2234 308 2296 Summus
321 2235 443 2312 Athos,
456 2234 565 2317 Atlas,
578 2237 674 2297 nubes
689 2237 872 2297 transcendit
881 2234 1031 2318 Olympus
1045 2233 1120 2315 (5);

165 2338 294 2400 Pulvere
309 2338 349 2398 ob
365 2338 422 2399 hoc
434 2336 575 2421 squalent
587 2339 631 2413 (6)
643 2352 725 2401 terna
736 2339 797 2400 alta
807 2343 960 2400 cacumina
974 2359 1129 2418 quorum.

165 2443 329 2504 Montibus
339 2444 485 2505 ambobus
497 2445 550 2504 sed
560 2442 668 2504 celsior
678 2447 772 2504 instat
787 2444 936 2525 Olympus
955 2445 1004 2525 (7)
1022 2467 1031 2502 =
1121 2429 1160 2505 5¹

165 2545 257 2606 Atlas
270 2547 318 2623 (8)
329 2546 453 2606 inferior
463 2549 611 2628 praedictis
628 2548 782 2609 montibus
799 2547 868 2608 altis
886 2569 895 2625 ς
950 2626 953 2631 0

167 2651 244 2716 Inde
255 2672 364 2712 corona
376 2667 465 2733 caput
476 2655 571 2735 cingit
584 2653 714 2713 sublime
727 2653 846 2715 nivalis.
904 2661 907 2665 ’

167 2755 264 2815 Mons
278 2757 396 2816 medius
408 2756 535 2817 tendens
548 2757 668 2816 excelsa
681 2761 834 2817 cacumina
849 2750 950 2834 coelo,

168 2861 320 2921 Undecies
332 2861 447 2918 umbris
460 2869 505 2936 (9)
516 2860 654 2918 obscurat
664 2858 761 2929 millia
777 2873 902 2940 septem.
1063 2930 1069 2943 1

168 2965 245 3024 Exta
261 2981 342 3020 anno
353 2963 468 3040 integro
480 2959 560 3021 Divo
575 2961 708 3022 custodit
717 2961 866 3046 Olympus
878 2967 968 3045 (to),
1101 2987 1144 3028 sn

168 3065 363 3130 Immaculata
375 3079 481 3127 tenens
491 3065 593 3128 oblato
601 3069 634 3127 in
646 3071 756 3129 vertice
770 3091 901 3133 summo.

112 3231 114 3235 .
170 3174 245 3235 Non
256 3171 407 3250 (11)alios
419 3170 550 3258 legimus
560 3187 677 3234 montes
693 3175 834 3236 excedere
849 3191 967 3238 ventos·
1052 3156 1057 3167 ⁶

211 3377 258 3450 (t)
278 3376 418 3457 Repperi.
433 3376 532 3439 codd.
617 3385 662 3453 (α)
681 3379 875 3460 Pyrreneum.
957 3375 1001 3449 (3)
1019 3375 1143 3457 Pyrre-

172 3501 243 3540 neo.
267 3480 365 3539 Codd.
453 3490 498 3557 (4)
531 3484 692 3564 Incipiens.
723 3481 764 3541 G.
859 3476 1147 3561 (5)otimpus.13.'

173 3586 220 3662 (6)
254 3581 387 3663 Squalet.
423 3585 463 3644 G.
496 3585 667 3669 Squallent.
688 3586 731 3646 A.
833 3594 877 3670 (7)
903 3585 1061 3666 Olympus.
1098 3589 1143 3647 B.

174 3689 222 3762 (8)
240 3685 358 3751 Athlas.
375 3681 477 3749 codd.
541 3697 587 3772 (9)
599 3690 736 3753 Ymbris.
751 3692 789 3753 Β.
855 3690 1082 3774 (to)Olin1pus.
1099 3693 1144 3754 B.

174 3797 240 3866 (ιι)
255 3794 348 3855 Nam.
364 3792 402 3854 B.
719 3822 721 3829 ·
744 3788 749 3797 ’
