2574 4920
450 602 773 693 c.v11.s.111.
934 596 947 629 ²
1047 596 1099 698 ³9

136 757 252 833 noetio
287 757 340 854 (1)
369 781 481 856 usque
510 755 556 825 ad
583 748 787 824 autumnale
814 746 868 842 (α)
892 742 1104 818 continuum

136 862 235 951 diem
257 878 331 951 sine
363 890 466 947 nocte
478 927 490 965 ,
524 890 632 974 atque
661 872 708 945 ab
738 867 962 959 autumali,
997 890 1101 938 versa

137 999 212 1074 vice
220 1050 232 1091 ,
245 994 357 1100 usque
370 997 414 1069 ad
429 993 572 1068 vernale
582 990 846 1095 aequinoctium,
862 990 1036 1063 assiduam
1045 993 1101 1092 (3)
1228 1022 1231 1028 ·

136 1122 285 1221 quidem
307 1135 469 1210 noctem,
490 1117 579 1189 dum
595 1115 649 1186 illi
666 1114 872 1215 navigantes
890 1112 929 1183 in
948 1114 1104 1187 naturali

137 1260 300 1345 tempore
321 1243 440 1344 magni
469 1237 608 1344 frigoris
630 1266 710 1313 eam
726 1238 932 1323 intrabant,
957 1264 997 1310 ac
1022 1254 1107 1313 ma*
1145 1254 1148 1261 '

25 1460 29 1467 Ι
137 1382 263 1439 nentes
283 1365 322 1437 in
330 1367 414 1465 ipsa
426 1415 439 1456 ,
469 1365 544 1436 dies
567 1379 757 1465 noctesque
786 1386 947 1459 semper,
971 1376 1104 1460 praeter

138 1486 280 1559 solstitii
297 1502 456 1586 tempus,
474 1484 677 1557 alternatim
695 1486 749 1582 (4)
773 1476 953 1555 habebant
978 1513 989 1552 ι
1017 1482 1108 1570 sed,¹

139 1605 365 1706 navigatione
377 1605 481 1676 unius
495 1603 565 1676 diei
582 1631 628 1678 ex
648 1602 709 1678 illa
724 1604 770 1678 ad
785 1603 956 1700 boream,
977 1630 1109 1706 conge·-¹

143 1724 260 1798 latum
273 1750 371 1800 mare
391 1725 618 1799 invenerunt.

506 1961 517 1986 ⁸
557 1977 586 2043 o
624 1970 700 2033 111»

195 2143 289 2217 Sunt
304 2141 383 2216 alise
397 2138 522 2215 insulae
539 2130 664 2227 multae
685 2141 724 2214 in
744 2146 1008 2245 septentrionali
1034 2142 1113 2219 Bois

148 2265 283 2338 tanniae'
300 2267 355 2357 (5)
378 2291 533 2354 oceano,
554 2290 636 2364 quoe
660 2264 715 2361 (6)
736 2293 758 2338 a
779 2268 1114 2367 septentrionalibus

150 2378 347 2455 Britannias
377 2378 502 2448 insulis
534 2381 688 2450 duorum
716 2383 855 2452 dierum
891 2410 929 2455 ac
956 2386 1115 2456 noctium

152 2520 251 2579 recta
268 2482 518 2603 navigatione,
538 2501 652 2600 plenis
673 2501 788 2596 velis,
809 2505 947 2605 assiduo
968 2504 1117 2580 feliciter

153 2638 283 2714 vento,
301 2619 391 2693 adiri
403 2633 552 2720 queunt.
565 2618 705 2721 Aliquis
714 2624 768 2721 (7)
785 2624 918 2723 probus
931 2624 1115 2727 religiosus

154 2744 245 2820 mihi
265 2741 389 2816 retulit
407 2742 526 2842 quod,
547 2739 586 2812 in
607 2742 745 2815 duobus
764 2745 893 2819 aestivis
913 2746 1061 2839 diebus,
1080 2762 1118 2820 et

156 2893 230 2940 una
244 2863 486 2938 intercedente
502 2878 631 2952 nocte,
649 2864 817 2966 navigans
832 2866 871 2939 in
887 2867 1041 2943 duorum
1056 2896 1119 2941 na·

158 2987 273 3062 ricula
281 3000 536 3081 transtrorum,
554 2984 591 3057 in
604 3011 714 3058 unam
723 2986 866 3059 illarum
880 2988 1123 3087 introivit(8).·

88 3119 89 3123 ’
157 3109 234 3182 Illae
259 3108 383 3180 insulse
413 3123 498 3180 sunt
521 3106 599 3178 aliae
628 3104 787 3208 parvulas
815 3112 883 3207 (9).
912 3108 1004 3182 Fere
1036 3135 1123 3184 cun·

159 3245 226 3301 ctae
238 3227 342 3303 simul
355 3226 510 3329 angustis
521 3222 904 3325 (10)distantesfretis,
917 3228 957 3300 in
972 3230 1123 3331 quibus,

161 3349 360 3419 incentum
379 3344 492 3419 ferme
508 3346 628 3435 annis,
646 3349 804 3420 eremitae
827 3352 905 3446 (11)
932 3379 977 3421 ex
1004 3369 1125 3426 nostra

162 3467 298 3542 Scottia
323 3464 530 3566 navigantes
554 3464 820 3540 habitaverunt.
855 3467 948 3562 Sed,
981 3471 1071 3542 sicut
1103 3501 1125 3547 a

208 3719 254 3787 (1)
265 3711 459 3795 Equinoctio.
473 3708 512 3770 B.
571 3716 617 3786 (n)
627 3707 856 3771 Autumnalem.
870 3688 912 3770 (l
974 3712 1019 3786 (fl)
1033 3711 1127 3774 Assi-

167 3818 238 3877 dus.
253 3817 295 3876 G.
361 3821 408 3894 (4)
427 3814 634 3876 Altarnantos.
655 3813 697 3876 G.
782 3812 826 3890 (5)
854 3812 925 3876 Alte
945 3815 1047 3878 insule
1050 3861 1125 3880 ......

169 3919 339 3980 Britannis.
360 3920 400 3980 B.
482 3922 528 3995 (6)
538 3919 634 4001 Quas.
648 3917 690 3981 G.
770 3926 816 4002 (7)
828 3917 974 3997 Prbt.A,
989 3921 1025 3981 B.
1038 3922 1128 3981 Pres-

171 4024 270 4105 bytor.
279 4023 323 4086 V.
394 4022 440 4098 (8)
452 4024 588 4083 Intravit.
602 4022 644 4084 G.
719 4027 767 4107 (9)
786 4023 919 4087 Sedilloe
931 4023 1071 4107 parvula.
1085 4025 1129 4090 G.

175 4134 241 4206 (ιο)
252 4127 426 4212 Angustiis.
437 4126 480 4192 A.
493 4126 645 4210 Anguste.
655 4128 695 4193 B.
763 4136 829 4209 (tr)
838 4130 1011 4195 Heronio.
1025 4130 1126 4196 codd.

904 4229 939 4303 Τ
