2574 4920
167 320 272 395 58-
481 302 810 400 c.v111.s'.11.
890 314 898 329 '

163 461 403 564 septentrione
428 485 541 561 usque
568 461 614 533 ad
641 457 782 533 Italiam
808 476 897 562 quot
920 461 1017 534 milia
1039 448 1132 537 sunt

165 585 337 686 scriptum
348 608 419 655 non
432 609 548 681 repen
537 583 635 680 '.(r)

214 707 250 780 6.
279 705 324 779 Ιιι
349 721 471 778 x1111¹¹²
474 704 811 806 ⁰Etymologiarum
831 705 923 778 libro
943 706 1130 782 dosioiliae

165 802 1132 926 cucurtu,1tascr1ptumadm1ror(2)Ommsambrtus

163 949 241 1049 ejus
258 946 432 1020 clauditur
447 946 641 1019 stadiorum
653 945 767 1017 tribus
783 946 963 1043 millibus,
982 975 1061 1050 qqae
1071 950 1129 1048 (3)

86 1129 90 1136 ,
162 1071 239 1145 sine
262 1069 370 1142 dubio
390 1083 532 1144 tautum
556 1092 727 1142 ccccxxv
748 1093 916 1167 passuum
932 1086 1026 1141 sunt.
1048 1070 1127 1144 Hoc

163 1219 236 1267 non
251 1217 371 1267 errore
390 1187 549 1285 factoris,
573 1189 637 1261 sed
660 1202 782 1288 postea
809 1189 1021 1291 scriptorum
1048 1187 1155 1266 fore·

130 1312 132 1317 ’
158 1313 338 1388 existimo.
362 1312 537 1386 Isidorum
555 1312 652 1385 enim
671 1337 696 1387 v
715 1338 766 1383 m.
790 1312 987 1385 stadiorum
1013 1313 1129 1415 scrip-

165 1436 249 1518 sisse
271 1450 437 1526 autumo,
463 1458 543 1534 quae
560 1429 797 1505 fiuntncxxv
814 1460 864 1503 m.
883 1459 1062 1533 passuum.

217 1586 254 1660 7.
272 1558 388 1630 Julius
411 1555 551 1627 Solinus
567 1556 612 1627 de
631 1571 752 1628 monte
762 1554 878 1635 AEtna

212 1678 257 1751 In
268 1679 383 1752 AEtna
391 1704 490 1766 vero,
503 1676 621 1750 hiatus
632 1676 704 1749 duo
713 1693 798 1749 sunt
808 1730 819 1768 ,
831 1694 982 1751 crateres
995 1679 1046 1772 (4)
1056 1705 1125 1750 noh

163 1798 307 1888 minati,
324 1823 390 1897 per
402 1822 490 1897 quos
506 1812 688 1870 eructatus
702 1798 859 1897 erumpit
880 1824 1007 1897 vapor,
1026 1823 1123 1896 proe-

163 1920 268 1994 misso
283 1918 381 2018 prius
394 1915 563 2011 fremitu,
582 1921 645 2020 qui
666 1947 732 2018 per
749 1932 937 1990 aestuantes
960 1926 1129 2001 cauernae

164 2067 248 2115 rum
273 2038 426 2113 latebras
447 2037 554 2141 longo
579 2041 722 2142 mugitu
745 2040 843 2113 intra
860 2055 966 2113 terrae
996 2041 1133 2115 viscere.

165 2158 370 2234 divolvitur.
404 2159 478 2233 Nec
502 2175 586 2234 ante
617 2188 654 2234 oc
681 2160 757 2258 (5)
781 2159 1007 2235 flammarum
1032 2160 1132 2261 globi

164 2279 334 2358 attollunt
351 2281 419 2375 (6)
438 2306 548 2381 quam
562 2281 694 2354 interni
712 2282 882 2381 strepitus
901 2282 1125 2356 antecedant.

217 2399 254 2473 8.
277 2401 451 2476 Servius
440 2429 479 2474 ιιι
499 2402 751 2477 commentario
766 2398 939 2478 librorum
956 2402 1129 2501 Virgilii,

168 2522 233 2596 abi
249 2538 373 2595 amat
382 2522 420 2594 in
431 2524 536 2597 tertio
547 2494 743 2597 Alineidoss

248 2667 357 2728 Portus
373 2668 411 2729 ab
424 2690 544 2732 accessu
554 2683 712 2732 ventorum
723 2672 867 2730 immotus
879 2680 908 2727 ot
920 2668 1046 2751 ingens,

246 2772 334 2854 lpse,
348 2773 402 2834 sed
412 2774 559 2837 horrificis
571 2779 656 2855 juxta
669 2787 753 2834 tonat
764 2775 871 2833 AEtna
883 2773 1000 2850 ruinis,

171 2901 247 2974 haec
274 2899 325 2972 ita
349 2899 472 2970 doceto
492 2897 606 2967 AEtno
622 2911 778 2989 constat,
792 2897 837 2969 ab
863 2925 905 2970 ea
928 2913 1031 2996 parte
1056 2925 1134 2998 qua-

171 3045 279 3095 curus
289 3015 347 3092 vel
359 3011 484 3099 africus
492 3011 599 3107 flant,
617 3015 751 3091 habere
766 3018 947 3118 speluncas
959 2998 997 3090 et
1008 3017 1131 3118 plenas

172 3140 351 3242 sulphuris
358 3155 395 3212 et
402 3164 514 3239 usqne
531 3137 576 3210 ad
592 3165 690 3212 mare
706 3139 873 3213 deductas
886 3143 952 3240 (7).
971 3141 1036 3211 Hae
1053 3168 1132 3237 spe-

170 3260 309 3354 luncae,
329 3258 536 3361 recipientes
548 3257 585 3330 in
601 3287 637 3332 se
654 3258 809 3353 fluctus,
827 3277 974 3334 ventum
985 3275 1130 3351 creant,

217 3485 262 3555 (1)
278 3476 420 3557 Repperi.
445 3475 545 3553 Codri.
628 3482 675 3555 (2)
693 3477 788 3536 Admi
778 3500 855 3537 1.nor
873 3480 916 3539 A.
1001 3475 1140 3557 (3)Que.

175 3583 214 3644 B.
301 3585 346 3657 (4)
362 3580 512 3641 Crateros.
537 3580 638 3642 codd.
721 3581 770 3656 (5)
793 3583 943 3645 Micantes
967 3604 1000 3644 se
1027 3581 1138 3641 flama·

174 3708 254 3748 rum.
275 3688 314 3747 B.
397 3683 442 3762 (6)
464 3683 629 3751 Attenuat.
644 3684 682 3747 B.
697 3685 852 3754 Atolluut.
867 3688 911 3752 A.
999 3693 1044 3769 (7)
1066 3685 1138 3748 De-

173 3793 293 3856 ductus.
312 3789 411 3856 codd.
