2574 4920
191 293 239 382 (6
519 284 827 372 c.V11.s.V·1:

190 441 230 509 in
244 430 442 538 navigando
462 434 617 508 siderum
634 433 686 529 (1)
706 432 904 504 observatio
922 414 975 527 (2)
987 459 1005 558 3·
1024 446 1159 534 utpote

189 559 254 631 ubi
274 558 537 659 Septentriones
559 581 786 657 nequaqnam
805 554 1001 648 videntur,
1015 555 1160 659 Vergi-

188 679 247 757 liae
260 703 271 770 ε,
273 678 312 773 3)
332 704 514 776 nunquam
530 693 713 778 apparent.
733 676 874 750 Lunam
889 674 937 747 ab
953 691 1096 771 octava,
1114 679 1158 754 in

189 817 328 878 sextam
351 799 524 875 decimam
548 814 688 873 tantum
713 825 821 898 supra
852 813 990 872 terram
1013 798 1155 874 vident.

102 908 105 916 ¹
188 922 303 996 Lucet
320 921 370 993 ibi
387 921 566 1021 Canopus,
589 921 684 993 sidus
696 921 751 1018 (4)
766 917 904 992 clarum
921 935 961 992 et
978 921 1158 1023 amplissi-

58 1112 61 1118 ,
188 1064 302 1121 mum.
322 1043 439 1116 Solem
458 1043 632 1115 orientem
656 1042 804 1115 dextera
819 1040 975 1135 habent,
994 1044 1156 1116 occiden-

187 1179 262 1241 tem
278 1162 430 1236 sinistra.
447 1163 701 1237 Observatione
716 1161 839 1262 itaque
850 1161 1039 1263 navigandi
1053 1162 1156 1235 nulla

187 1300 422 1386 suppetente,
434 1300 476 1358 ut
490 1286 532 1357 ad
543 1285 759 1358 destinatum
771 1284 825 1376 (5)
838 1301 1025 1386 pergentes
1034 1285 1157 1358 locum

188 1406 331 1505 capiant
340 1407 493 1499 ,vehunt
503 1408 618 1500 alites,
631 1432 783 1508 quarum
795 1422 934 1480 meatus
946 1422 1157 1505 terrampe-

184 1522 345 1601 'tentium
361 1528 545 1630 magistros
568 1526 702 1615 babent
720 1553 842 1635 cursus
869 1527 1025 1627 regendi.
1052 1527 1159 1618 Qua-

142 1680 147 1687 ·
187 1649 302 1722 ternis
336 1676 409 1728 non
445 1648 597 1750 amplius
634 1647 814 1724 mensibus
847 1648 886 1720 in
925 1675 1016 1721 anno
1046 1646 1157 1725 navi-2

186 1785 308 1877 gatus.

239 1917 278 1990 7.
304 1890 499 1962 Priscianus
519 1890 558 1959 in
580 1889 757 1992 Periegesi
774 1892 826 1988 (6)
840 1889 884 1963 de
897 1887 1021 1962 eadem
1034 1886 1156 1961 insula

188 2009 431 2110 Taprobane,
461 2010 659 2120 ceterisque
684 2011 821 2096 duabus
838 2011 949 2111 ,baec
968 2002 1155 2112 sequentia

188 2131 300 2210 dicit:

102 2347 105 2353 ·
188 2328 275 2390 Hinc
287 2330 405 2411 tepidos
417 2353 532 2413 proram
546 2346 723 2395 convertens
735 2334 821 2394 navis
832 2333 872 2393 ad
883 2344 1020 2407 austros,

189 2432 221 2494 Τ
221 2435 445 2517 aprobanen(7)
457 2442 559 2499 venies
570 2439 615 2516 (8)
623 2461 632 2514 3
641 2451 760 2521 generat
768 2457 837 2519 quae
846 2456 955 2516 magna
963 2429 1141 2513 elephantes

188 2537 250 2598 Per
261 2538 338 2598 fines
351 2541 448 2605 Acies.
461 2542 481 2602 J
482 2557 546 2604 acet
558 2545 622 2603 lroec
637 2542 693 2602 sub
703 2542 801 2602 sidere
812 2541 932 2602 Cancri.

189 2642 345 2704 Litoribus
357 2652 444 2728 cujus
455 2646 570 2710 saliunt
586 2652 633 2733 (9)
646 2648 827 2709 densissima
838 2659 900 2708 cete
912 2648 996 2716 (ιο),

190 2749 269 2831 Quae
284 2754 379 2832 pascit
394 2766 512 2815 vasmrn
528 2774 609 2813 mare
620 2752 777 2830 Rubrum,
794 2746 945 2811 montibus
958 2765 1066 2826 aequa3
1124 2743 1128 2750 ’

189 2852 342 2915 Tenditur
357 2853 512 2912 horribilis
529 2875 656 2933 quorum
669 2875 722 2931 per
736 2861 765 2924 (1
775 2860 802 2922 1)
815 2865 896 2934 terga
907 2890 918 2928 ‚
931 2871 983 2930 per
994 2870 1093 2908 armos
1106 2890 1120 2930 ,

188 2955 281 3038 Spina
295 2954 392 3015 ferens
406 2953 542 3028 cladem,
556 2954 712 3035 fatumque
726 2956 783 3015 sub
799 2976 850 3023 ore
865 2955 956 3015 feroci
969 2960 1052 3033 (12);

188 3053 309 3144 Quippe
323 3058 423 3121 solent
433 3062 543 3142 pariter
554 3080 662 3120 navem
675 3061 814 3136 sorbere,
825 3063 968 3150 virosque
982 3085 991 3123 s

227 3322 275 3389 (a)
294 3316 452 3398 Syderurn.
466 3315 504 3386 B·
593 3325 639 3389 (a)
651 3316 879 3380 observatione.
896 3305 956 3375 A.
1005 3312 1052 3389 (3)
1064 3310 1149 3372 Ver·

187 3415 271 3501 gilie.
286 3417 323 3478 Β.
413 3424 460 3498 (4)
481 3420 640 3503 Sydua.B.
727 3422 780 3495 (5).
798 3421 979 3481 Adrastum
1000 3417 1036 3477 B.
1056 3414 1156 3477 Adeo

187 3534 321 3593 nactum.
346 3524 388 3582 A.
472 3526 518 3601 (6)
543 3527 721 3609 Periegessi.
750 3525 792 3584 A.
881 3533 926 3608 (7)
948 3520 1151 3604 Taprobanae.

188 3631 231 3705 A.
251 3626 440 3710 Taprobane.
463 3626 501 3685 Β.
574 3629 620 3704 (8)
638 3620 762 3690 Veniet.
784 3631 888 3700 codd.
954 3634 1003 3711 (9)
1018 3625 1146 3687 Siliunt.

188 3732 228 3806 Ii.
308 3728 493 3813 (rumesta.
511 3729 556 3806 A.
640 3732 784 3814 (11)Pte·
795 3734 836 3806 Β.ι
919 3732 1147 3812 (ratFaroque.

91 3837 227 3911 ,Ba
