2574 4920
220 253 268 340 24
434 314 441 325 ,
548 246 591 320 C.
613 245 683 320 VI.
711 260 739 334 s.
767 250 845 322 111.

218 412 329 498 quam
357 395 529 498 legimus,
558 409 681 468 tamen
712 391 894 471 affirmans
920 399 1051 478 Fidelis
1080 404 1203 488 frater

217 547 299 621 meo
317 521 484 623 magistro
496 516 652 590 Suibnco
663 518 822 591 narravit
834 546 950 594 coram
961 551 1018 597 me
1028 532 1105 624 (cui
1119 538 1197 631 (1),

204 628 245 716 'si
266 640 400 744 profeci
424 638 625 742 quidquid,
644 656 724 741 post
738 640 859 713 Deum
883 642 1044 745 imputo)
1066 657 1196 752 quod,

190 778 195 803 ¹
215 763 428 840 adorationis
447 788 570 853 causa,
590 762 630 834 in
648 762 736 836 urim
758 761 986 836 Hierusalem
1012 769 1129 846 clerici
1151 795 1199 851 et

171 949 174 959 ,
214 884 293 959 laici
315 886 362 958 ab
386 882 561 956 Hibernia
578 886 651 981 (2),
676 910 789 984 usque
816 883 862 958 ad
882 884 1008 962 Nilum
1030 893 1195 970 velifica-

129 1026 138 1039 ‘
168 1072 170 1077 .
212 1023 356 1082 verunt.

115 1126 117 1131 ’
258 1158 295 1204 2.
322 1129 486 1221 Deinde,
512 1129 551 1201 in
573 1110 655 1201 Nilo
669 1127 775 1228 longe
797 1130 1015 1231 navigando,
1045 1152 1190 1235 septem

209 1251 366 1343 horrea,
384 1249 580 1324 secundnm
595 1274 788 1322 numerum
804 1277 978 1325 annorum
994 1255 1189 1333 abundan-

208 1371 270 1443 t'im
288 1373 367 1471 (3),
387 1396 468 1474 quae
478 1371 631 1444 Sanctus
647 1370 781 1471 loseph
793 1365 929 1445 fecerat
939 1426 951 1465 ,
977 1375 1189 1481 delongin-

208 1522 281 1596 quo
302 1500 357 1593 (4)
372 1492 611 1587 admirantes,
635 1508 805 1594 tanquam
828 1511 967 1569 montes
988 1498 1185 1596 viderunt3

204 1633 361 1718 quatuor
375 1615 415 1689 iu
431 1642 503 1688 uno
520 1615 614 1709 loco,
633 1639 673 1689 ac
689 1615 762 1687 tria
776 1617 817 1687 in
833 1615 959 1690 altero.

251 1734 290 1809 3.
312 1738 425 1828 Hinc,
444 1737 490 1809 ad
503 1739 633 1809 horrea
652 1736 721 1807 tria
742 1736 902 1809 miraculi
926 1758 1028 1812 causa
1038 1739 1181 1814 vaden-

203 1872 281 1949 tes,
304 1857 444 1931 leonem
461 1873 499 1930 et
522 1872 600 1929 octo
617 1855 778 1929 homines
794 1858 887 1932 viros
901 1873 1008 1960 atque
1024 1856 1183 1937 feminas

199 1979 304 2081 juxta
327 1979 389 2053 illa
415 1995 574 2052 mortuos
597 1979 828 2052 invenerunt.
850 1980 923 2053 Leo
943 2008 1006 2054 sua
1026 1977 1181 2055 fortitu-

200 2101 284 2174 dine
298 2100 427 2174 occidit
447 2099 524 2172 illos
543 2129 553 2172 z
571 2098 625 2172 illi
638 2098 749 2172 hastis
766 2116 804 2173 et
825 2100 950 2202 gladiis
973 2103 1091 2204 ipsum
1111 2103 1179 2178 in-

200 2219 440 2315 terfeocrunt3
469 2221 554 2324 quia
580 2218 721 2296 deserta
748 2237 904 2325 utraque
932 2226 1009 2299 loca
1031 2242 1114 2298 sunt
1136 2226 1182 2300 in

199 2343 329 2446 quibus
344 2345 472 2418 horrea
486 2361 623 2447 septem
635 2359 835 2417 constructa
846 2342 1003 2419 fuerant.

112 2530 114 2535 .
223 2471 285 2555 d.
313 2462 396 2539 Post
415 2467 491 2539 haec
513 2466 590 2566 (5),
612 2464 801 2568 diligenter
824 2464 1074 2538 considerando
1100 2471 1179 2544 tria

195 2587 353 2679 horrea,
376 2588 509 2660 iterum
529 2589 776 2680 mirabantur,
794 2616 816 2660 a
830 2586 999 2688 principio
1027 2582 1173 2662 lunda-

197 2710 310 2782 menti
322 2736 434 2811 usque
447 2712 492 2783 ad
508 2711 617 2783 finem
629 2710 825 2785 altitudinis
836 2708 1002 2800 illorum,
1018 2711 1172 2784 omnino

31 2816 36 2841 ¹
125 2901 128 2909 ,
195 2829 336 2928 lapidea
348 2829 439 2903 lieri.
452 2828 738 2904 Illaininferiore
748 2829 1057 2929 parte‚quadrata
1068 2827 1171 2906 facta

195 2965 279 3023 sunt
284 2980 297 3042 3
310 2950 348 3020 in
365 2952 654 3052 superiorem,
667 2949 824 3022 rotunda
837 2978 847 3021 ε
861 2950 900 3020 in
911 2948 984 3024 fine
996 2952 1165 3024 sublimi·

194 3052 299 3165 tatis,
318 3073 417 3174 quasi
435 3074 562 3176 gracile
579 3071 633 3169 (6)
650 3097 798 3145 acumen
812 3072 962 3146 habent.

241 3193 279 3269 5.
292 3193 376 3267 Post
393 3195 485 3288 haec,
497 3193 687 3296 praedictus
699 3190 812 3270 frater
823 3224 936 3269 unum
951 3193 1043 3269 latus
1054 3195 1164 3270 unius

223 3542 395 3637 ·'(1)¹Co'ram
412 3561 471 3624 cui.
485 3564 527 3624 G.
592 3647 595 3653 ι
615 3568 660 3638 (ι)
671 3559 840 3625 Hdbitaris.
854 3564 908 3642 A,
928 3565 966 3626 Β.
990 3565 1028 3632 V.
1042 3563 1161 3622 ninu-

190 3685 249 3726 rea.
274 3665 331 3759 (ἓν.Ι
399 3667 448 3740 (3)
468 3666 703 3726 Habundcntiae.
731 3667 775 3730 A.
863 3675 909 3748 (4)
930 3672 960 3731 Α
980 3668 1159 3749 longinquo

189 3778 393 3836 ammirantes.
414 3769 453 3834 B.
536 3770 739 3853 (5)-Posthoc.
757 3773 801 3839 V.
885 3777 931 3856 (6)
944 3770 1080 3838 orante.
1103 3773 1151 3836 A.
