2574 4920
444 661 487 733 C.
507 658 577 733 VI.
605 670 634 743 ς.
661 656 736 731 ΙΧ.
1021 659 1069 734 33

527 861 554 928 ς.
576 852 644 916 tx.

146 1012 232 1085 Haec
259 1013 313 1111 (ι)
343 1011 388 1085 de
420 1009 645 1111 praetitulatis
676 1008 834 1110 quinque
863 1004 1071 1084 fluminibu·

110 1135 351 1237 congregatim
366 1135 601 1234 temptarunt
620 1132 767 1206 Br'evius
779 1131 824 1204 de
842 1112 1072 1233 sequentibus

105 1254 226 1329 fluviis
238 1310 252 1351 ‚
276 1284 320 1329 ex
346 1255 617 1357 cosmographia
642 1269 785 1325 tantum
821 1251 990 1352 praedicta
1015 1255 1071 1350 (z)

108 1405 226 1477 nuper
240 1379 277 1449 in
293 1406 389 1451 meas
405 1406 531 1451 manus
547 1377 732 1471 veniente,
750 1391 973 1476 excerpetur.

159 1528 193 1573 ι.
212 1499 240 1569 F
243 1500 358 1572 luvius
369 1492 699 1572 Jordanisuascitur
707 1496 772 1569 sub
782 1497 919 1568 Libano
931 1511 1074 1588 moute,

104 1621 315 1695 circumiens
323 1620 1073 1724 eum,pergit(3)inlacumTiberiudem(4);

105 1741 151 1819 de
178 1767 220 1812 eo
244 1743 365 1814 exiens
391 1744 437 1814 ad
468 1741 709 1844 scythopolim
738 1744 792 1839 (5)
819 1767 929 1842 quum
953 1764 1073 1813 secans

108 1862 283 1958 medium,
298 1882 336 1938 et
352 1865 397 1937 ab
413 1893 456 1939 ea
473 1866 592 1938 exieus
607 1860 805 1937 effunditur
816 1863 856 1936 in
866 1889 965 1936 mure
976 1860 1076 1935 Mor·

108 1996 225 2057 tuum.
245 1984 366 2057 Currit
387 2015 453 2086 per
467 1986 580 2058 millia
595 2012 768 2058 nccxxu.

150 2128 187 2174 2.
210 2103 367 2177 Hermus
384 2108 542 2176 nascitur
561 2108 600 2176 in
616 2107 749 2204 campis
768 2104 878 2175 Asiae.
900 2099 1075 2175 lufluitin
1141 2102 1147 2167 ζ

111 2249 210 2294 mure
228 2224 473 2324 Cycladarum.
488 2225 609 2298 Currit
630 2252 696 2325 per
713 2224 825 2297 millia
837 2248 992 2298 ncvrm.

154 2343 192 2413 3.
213 2343 416 2414 Maeandros
427 2346 777 2442 nusciturir'rcampis
787 2342 952 2441 Asiaticis
963 2341 1077 2412 bicor·

111 2454 1076 2560 nis3curritquasisintduo,redigenteiteinuuum(6);

110 2577 232 2651 influit
248 2579 285 2649 iu
304 2606 403 2650 mare
419 2577 652 2679 Cycladarum
669 2581 736 2678 (7).
755 2577 877 2648 Currit
892 2604 957 2678 per
969 2576 1080 2649 millia
1160 2576 1162 2581 ’

112 2723 324 2775 ncucxcvrr.
656 2729 659 2735 ·

159 2827 196 2911 4.
216 2821 363 2894 Fluvius
386 2821 539 2895 Eurotas
562 2821 719 2894 nascitur
743 2823 782 2894 in
809 2820 941 2920 campis
962 2818 1080 2918 Phry·

113 2940 181 3044 giae
200 2941 269 3038 (8).
288 2938 413 3013 Influit
434 2943 472 3013 in
498 2972 597 3017 mure
620 2942 849 3045 Tyrrhenum
867 2945 935 3040 (9).
961 2939 1083 3013 Currit

116 3091 182 3162 per
204 3062 315 3133 millia
333 3088 519 3139 ncccxxv.

161 3187 197 3256 5.
216 3185 362 3258 Fluvius
378 3184 506 3257 Tanais
534 3186 689 3258 nuscitur
716 3186 754 3256 in
787 3200 909 3258 monte
935 3184 1082 3285 Hyper·

117 3305 229 3376 boraei
255 3303 409 3402 Riphoei.
441 3307 510 3376 Per
536 3307 725 3377 Maeotidas
753 3307 901 3405 paludes
933 3307 1082 3399 exieus,

118 3422 241 3495 influit
266 3423 305 3494 in
327 3410 507 3496 Euxiirum
530 3423 698 3499 Pontum.
733 3427 855 3498 Currit
881 3454 946 3526 per
972 3427 1083 3499 millia

118 3573 252 3619 rcum.

159 3816 207 3889 (1)
228 3813 294 3872 Heu
322 3815 360 3875 B.
444 3824 491 3891 (2)
511 3816 658 3876 Prodictu.
682 3817 720 3876 Β.
805 3817 852 3896 (3)
875 3815 997 3876 Circum
1018 3817 1085 3876 iens

96 3918 228 3998 'vergiu
247 3919 293 3991 A,
312 3916 350 3974 B.
429 3922 477 3995 (4)
494 3919 706 3998 Tyberiudem.
730 3919 766 3980 B.
861 3918 1084 4003 (5)Citopolis.
1128 3930 1142 3969 t

129 4019 232 4105 Cudd.
317 4020 364 4097 (C)
377 4020 537 4081 Bicornius
550 4027 641 4083 currit
653 4029 723 4087 sinu
735 4025 863 4087 reddens
880 4048 913 4086 ue
931 4025 1087 4085 adunam.

125 4124 226 4184 codd.
309 4133 354 4208 (7)
370 4122 571 4189 Cicludarum.
594 4128 696 4190 codd.
783 4131 963 4213 (uphrygie
980 4126 1083 4189 codd.

124 4234 170 4312 (9)
186 4229 359 4289 Tirrenum.
374 4232 411 4290 B.
