2574 4920
461 625 501 699 C.
520 626 643 703 v111.
670 637 699 709 s.
718 625 790 700 VI.
1059 624 1107 698 63

150 770 274 841 tudine
296 769 350 864 (1)
366 768 473 840 maria
488 767 665 869 Tyrrheni
683 769 737 866 (a)
753 783 880 869 quater
892 782 1045 859 mutata,
1062 769 1107 840 ad
1239 862 1242 866 Δ

150 884 353 961 mitendam
383 886 602 961 Britanniam
634 891 688 986 (3)
712 888 857 987 -stylum
889 887 942 985 (4)
967 903 1107 962 vertere

152 1006 316 1081 conabor.

569 1139 596 1205 t.
627 1133 690 1196 VI.

207 1314 239 1361 1.
252 1285 368 1358 Julius
379 1286 516 1357 Solinus
531 1285 576 1357 de
587 1284 648 1357 illa
660 1280 798 1386 seripsit
808 1284 884 1359 llaec
897 1315 907 1358 r
926 1285 1021 1359 Finis
1032 1300 1110 1358 erat

154 1407 248 1480 orbis
278 1435 340 1480 ora
367 1407 494 1479 Gallici
521 1406 654 1501 litoris,
692 1407 760 1478 nisi
784 1408 965 1480 Britannia
996 1407 1111 1480 insula

155 1526 314 1627 qualibet
330 1527 580 1627 amplitudine,
600 1553 730 1599 nomen
744 1555 835 1628 pene
857 1528 950 1600 orbis
967 1527 1111 1600 alterius

155 1663 355 1720 mereretur
365 1649 443 1745 (Str
458 1664 576 1726 need·
589 1650 735 1724 enimet
751 1651 901 1749 amplius
913 1648 1021 1721 millia
1032 1676 1112 1749 paa-

152 1792 262 1837 auum
274 1768 312 1837 in
325 1766 547 1868 longitudine
558 1770 714 1863 detinet3
733 1770 771 1842 in
787 1769 972 1843 latitudine
991 1777 1076 1843 cci&

205 1910 241 1959 2.
263 1887 364 1960 Idem
379 1881 595 1990 paulopost:
606 1890 740 1964 ‘Multis
757 1891 877 1963 insulis
892 1916 957 1964 nec
974 1887 1113 1990 ignobi-

154 2007 248 2105 libus
264 2009 521 2102 circumdatur,
541 2038 694 2112 quarum
706 2011 878 2085 Hibernia
895 2012 927 2083 ei
939 2010 1116 2110 proximat

154 2129 418 2228 magnitudine..
432 2131 530 2201 Alias
544 2133 604 2201 ita
623 2133 676 2226 (6)
696 2130 892 2231 pabulosa,
911 2145 952 2202 ut
968 2155 1116 2229 pecora,

157 2248 223 2319 nisi
238 2249 419 2321 interdum
435 2277 457 2321 a
467 2250 624 2352 pastibus
643 2267 846 2344 arceantur,
864 2251 910 2322 ad
922 2249 1118 2350 periculum

158 2383 253 2466 agat.
698 2378 703 2387 '

207 2489 243 2561 3.
262 2487 364 2562 Idem
379 2488 483 2586 paulo
500 2504 599 2588 post:
615 2488 686 2561 Sed
701 2514 798 2560 mare
812 2487 908 2588 quod
925 2487 1019 2559 inter
1029 2488 1119 2558 hanc

160 2621 199 2678 et
224 2605 444 2679 Britanniam
469 2607 631 2679 interluit
655 2609 830 2681 undosum
850 2607 1120 2708 inquietumque

162 2743 238 2801 toto
264 2727 302 2800 in
318 2754 429 2821 anno,
449 2729 588 2801 nonnisi
604 2733 657 2827 (7)
678 2730 835 2830 pauculis
852 2729 975 2802 diebus
993 2745 1045 2803 est
1060 2755 1122 2800 na·

161 2846 313 2947 rigabile
323 2875 335 2938 3
353 2847 460 2948 idque
477 2848 515 2919 in
532 2865 673 2921 centurn
690 2848 936 2950 vigintimillia
955 2872 1124 2948 passuum

162 2967 358 3041 latitudinis
382 2964 609 3045 diffunditur.
639 2971 739 3042 Inter
763 2970 921 3042 Morinos
945 2969 983 3040 in
1009 2968 1124 3039 Gallia

162 3088 303 3189 Belgica
312 3105 350 3162 et
356 3089 600 3183 Britanniam,
615 3092 677 3164 ubi
691 3092 746 3190 (8)
757 3092 878 3163 ciritae
889 3091 1027 3190 Rutupi
1040 3117 1125 3190 por·

165 3224 222 3281 tus
233 3226 307 3303 eat,
322 3211 416 3287 uude
429 3212 467 3287 in
478 3212 697 3285 Britanniam
711 3211 889 3311 proximus
905 3228 942 3282 et
959 3212 1125 3284 brevissi-

165 3357 244 3399 mus
264 3346 317 3400 est
344 3332 538 3420 transitus,
567 3334 606 3401 in
626 3330 781 3402 millibus
801 3360 822 3400 n
841 3360 937 3430 pasr,
966 3332 1060 3420 sive,
1079 3345 1122 3400 ut

166 3451 310 3551 quidam
338 3451 573 3554 scripserunt,
596 3452 635 3520 in
660 3472 772 3525 ccccn
802 3452 945 3546 stadiis,
974 3430 1125 3522 latitudo

166 3571 272 3647 maris
294 3587 503 3677 coarctatur.

212 3845 250 3911 (1)
264 3838 479 3900 Latitudinem.
502 3820 539 3898 Αμ
611 3846 657 3913 (a)
676 3839 816 3921 Tyrreni.
835 3839 871 3899 B.
954 3839 1001 3919 (3)
1014 3839 1127 3919 Britta7

169 3946 267 4002 niam.
298 3943 340 4001 A.
420 3935 466 4016 (4)
498 3940 619 4004 Stilum.
655 3944 754 4004 codd.
837 3945 880 4017 (5)
911 3944 1056 4004 Meretur.
1090 3943 1125 4000 B.

175 4047 219 4117 (6)
228 4046 298 4106 Alie
309 4049 376 4106 sita.
390 4046 427 4107 B.
486 4074 489 4079 ’
513 4052 559 4127 (7)
571 4048 643 4106 Non
657 4048 752 4108 deest.
768 4048 802 4108 B.
886 4045 1128 4125 (omittundum

171 4153 249 4231 inter
271 4148 447 4213 Brittaniam
468 4163 499 4211 et
519 4150 656 4213 Morinos
676 4154 709 4210 in
730 4149 991 4230 Gallia-Belgica.
1025 4147 1124 4210 codd.
