2574 4920
488 662 528 733 C.
550 657 642 732 VII.
670 672 697 745 ς.
716 657 787 732 vl.
1071 658 1119 751 43

159 800 216 872 via
224 850 236 891 ‚
250 802 301 895 (1)
312 800 540 902 incompertae
552 805 605 901 (2)
622 801 874 903 magnitudinis
890 852 902 894 ,
918 800 1120 901 portionem

139 954 142 960 ¹
159 933 298 992 tantum
315 921 416 1021 ejus,
430 949 503 1023 qua
517 923 679 1016 notauit,
696 921 937 997 Hillevionum
951 923 1004 1019 (3)
1013 937 1120 1024 gente

154 1039 358 1140 quingentis
379 1041 554 1115 incolente
574 1043 700 1143 pagis,
727 1068 806 1142 quae
825 1040 979 1115 alterum
995 1041 1120 1114 orbem

152 1173 333 1233 terrarum
349 1190 427 1236 eam
445 1162 600 1265 appellat
613 1165 678 1263 (4).
695 1163 768 1237 Nec
784 1164 901 1236 minor
917 1178 970 1236 est
986 1163 1119 1264 opinio-

151 1303 198 1350 ne
211 1280 347 1382 Epigia.
363 1284 518 1377 Quidam
529 1285 604 1357 haec
617 1284 771 1357 habitari
783 1285 830 1356 ad
836 1282 989 1357 Vistlam
1002 1310 1116 1385 usque

152 1397 304 1473 fluvium
331 1406 384 1505 (5)
417 1433 440 1479 a
471 1406 678 1502 Sarmatis,
703 1404 865 1484 ‘Venedis
888 1459 902 1504 ,
941 1406 1118 1508 Scirisque
1195 1398 1199 1413 ⁸

153 1523 315 1596 tradunt.

575 1684 601 1750 l·
632 1674 699 1741 VL·
820 1758 823 1763 Ι

204 1874 239 1923 1.
252 1851 295 1922 In
307 1855 477 1953 praedicta
489 1856 764 1959 Cosmographia
776 1857 907 1958 legitur
919 1880 992 1928 ease
1002 1853 1118 1927 insula

151 1968 262 2065 Solis,
277 2001 357 2076 quae
367 1979 568 2079 appellatur
579 1979 729 2052 Pet-usta
742 1981 795 2079 (6)
808 2030 820 2071 ‚
834 1979 897 2049 ubi
908 1977 1049 2077 Ganges
1058 1975 1117 2046 in-

147 2106 222 2163 trat
238 2094 277 2164 in
293 2124 404 2169 mare.
425 2097 473 2169 Et
488 2099 526 2169 in
543 2100 670 2172 eodem
686 2096 851 2170 orientali
860 2122 990 2169 oceano
1003 2146 1016 2188 ,
1029 2093 1116 2192 Hip

147 2215 302 2312 popodes
319 2235 356 2290 et
369 2218 606 2319 Elephantine
620 2221 673 2320 (7)
686 2234 794 2320 atque
812 2206 962 2291 Thenas.

199 2360 234 2404 2.
253 2334 387 2406 Plinius
403 2338 584 2408 Secundus
595 2341 633 2409 in
648 2340 739 2409 libro
756 2355 854 2411 sexto
873 2340 926 2429 (8)
936 2339 975 2407 in
985 2361 1117 2408 oceano

149 2453 271 2526 Indico
286 2453 418 2525 insulas
435 2453 537 2545 fieri,
553 2455 605 2525 ita
621 2470 742 2525 monet
758 2483 769 2524 t

198 2576 362 2667 Quatuor
377 2574 549 2676 Satrapiae
560 2602 644 2648 mox
659 2573 786 2674 paulo,
809 2575 855 2646 ad
865 2573 1116 2675 Taprobanam

147 2694 300 2766 insulam
325 2692 514 2769 festinante
536 2696 668 2769 animo.
698 2694 769 2767 Sed
791 2710 874 2767 ante
899 2709 983 2766 sunt
1006 2694 1115 2783 alia,

68 2861 74 2885 .
145 2813 268 2887 Patale
285 2817 338 2914 (9)
359 2842 466 2916 quam
493 2814 766 2916 significavimus
786 2815 825 2886 in
845 2813 928 2914 ipsis
956 2809 1116 2886 faucibus

145 2935 247 3026 Indi,
262 2934 444 3036 triquadra
453 2933 583 3037 ligura,
594 2961 707 3011 ccxx.
718 2935 793 3007 mil.
805 2962 897 3036 pau.
909 2935 1113 3007 latitudine.

145 3054 256 3128 Extra
265 3056 455 3148 ostialndi‚
466 3055 600 3157 Chryse
608 3074 646 3130 et
655 3060 884 3158 Argyre(10)
894 3052 1113 3129 fertilesme·

144 3178 249 3270 tellis,
263 3194 304 3250 ut
319 3179 437 3251 credo.
455 3177 570 3269 Nam,
589 3179 685 3279 quod
702 3177 812 3280 aliqui
830 3177 1024 3269 tradidere,
1041 3203 1110 3250 au·

85 3344 88 3354 =
144 3324 248 3369 reum
260 3317 538 3398 argenteumque
555 3299 633 3392 (11)
649 3298 691 3370 iis
708 3299 823 3370 solum
834 3324 908 3372 esse
917 3351 930 3391 ‚
944 3297 1042 3372 haud
1051 3294 1108 3369 fa-

184 3565 537 3646 (1)Scedinavia·Codd.
604 3568 932 3649 (2)lncomparatoe.B.
999 3564 1112 3641 (3)ΙίΙο

142 3678 278 3736 sianum.
293 3675 331 3736 Β.
398 3677 444 3751 (4)
457 3673 558 3734 Gente
571 3676 700 3754 quintos
707 3670 858 3739 incolente
869 3692 974 3754 pagos.
984 3702 1025 3725 ι-
1035 3671 1111 3736 alte·

142 3802 210 3842 rum
222 3782 336 3843 orbem.
349 3782 392 3842 A.
412 3778 546 3856 Quintus
559 3777 695 3839 incolent
706 3799 799 3863 pagos
811 3775 990 3838 alterum...
1004 3778 1109 3862 appel·

140 3886 218 3951 lant.
244 3885 283 3946 B.
365 3886 412 3959 (5)
438 3884 488 3945 Ad
517 3884 627 3947 inauloe
654 3905 751 3968 usqua
776 3881 816 3944 ad
834 3879 974 3945 fluvium.
1000 3881 1108 3945 Codde

142 3991 188 4066 (6)
197 3986 442 4053 Ρεωεοι.θοάἅ.
525 3993 573 4071 (7)
588 3986 1106 4072 HipodesetSilaphantine.Codd..

143 4093 189 4170 (8)
221 4094 338 4156 Seccto.
371 4093 410 4152 Β.
506 4097 552 4174 (9)
586 4093 669 4156 Ante
700 4109 747 4156 est
781 4091 965 4175 Aliopatale.
999 4091 1103 4159 codd.

142 4205 207 4277 (10)
219 4198 303 4263 Crine
313 4213 343 4269 et
354 4199 474 4287 Angirc.
487 4197 592 4271 Codd.
658 4208 686 4275 (ι
696 4207 724 4276 1)
734 4198 853 4259 Aurum
868 4209 1034 4279 argentum.
1045 4197 1083 4260 Β.

884 4298 909 4373 2
