2574 4920
545 634 584 708 C.
606 631 677 705 VI.
706 643 734 717 s.
760 625 809 702 V.
1087 652 1135 725 27

179 769 333 881 Capoten
347 782 401 880 (1)
421 780 544 854 accolae
564 780 748 852 nominant
766 756 835 874 (a),
858 772 996 875 Scythis
1013 770 1134 872 proxi-

142 955 148 969 ,
178 928 278 974 mum
284 932 296 996 3
322 902 378 976 hic
388 953 403 990 ,
421 903 569 1003 receptis
596 903 635 975 in
650 928 687 974 se
714 900 848 1000 aliquot
866 898 919 994 (3)
945 893 1134 985 amnibus,

177 1021 406 1121 convalescit,
421 1040 480 1117 et,
495 1025 643 1124 stipatus
663 1019 824 1095 convenis
834 1022 887 1115 (4)
898 1018 1016 1119 aquis,
1028 1018 1136 1088 lucta·

174 1159 239 1215 tur
254 1172 334 1219 cum
351 1146 480 1219 montis
504 1145 616 1219 Tauri
631 1144 793 1244 objectu,
814 1166 922 1240 quem
938 1138 1034 1237 apud
1052 1137 1137 1209 Ele-

175 1293 279 1366 geam
297 1266 443 1359 scindit,
474 1268 557 1340 licet
580 1266 761 1359 et‘resistit
784 1260 968 1336 duodecim
986 1258 1138 1333 millium

177 1413 348 1488 passuum
374 1389 576 1462 latitudine.
589 1387 688 1460 Vero
704 1410 877 1458 ncccnxu
882 1434 1050 1457 ...........
1069 1381 1136 1473 (5).
1220 1380 1223 1385 ’

226 1535 263 1580 2.
292 1509 428 1580 Plinius
456 1508 638 1580 Secundus
671 1508 716 1580 de
745 1507 870 1581 eodem
894 1504 1077 1604 Euphrate
1098 1501 1140 1571 iu

176 1628 302 1728 quinto
316 1630 428 1724 libro,
447 1630 533 1703 dicit
555 1660 565 1702 r
591 1631 756 1704 Increscit
777 1645 899 1703 autem
921 1628 1048 1726 etipse
1067 1623 1139 1695 Eu-

174 1748 321 1846 phrates
336 1749 408 1822 Nili
428 1755 481 1847 (6)
497 1751 600 1824 modo
619 1757 748 1824 aestatis
771 1752 896 1824 diebus
919 1779 929 1822 r
954 1746 1140 1850 paululum
1217 1781 1220 1787 ⁴

174 1869 343 1945 differens
353 1873 399 1945 ab
414 1901 479 1970 eo,
502 1873 794 1974 Mesopotamiam
808 1877 862 1973 (7)
883 1873 1053 1963 inundat,
1067 1872 1140 1972 sole

60 2062 62 2067 .
172 1995 356 2094 optinente
371 2012 483 2068 xxm.
497 2013 638 2095 partem
648 1996 784 2071 Cancri.
806 1996 924 2067 Minui
945 1997 997 2091 (8)
1018 1994 1142 2094 incipit
1181 2047 1184 2054 ·

105 2184 108 2189 .
172 2117 293 2189 Leone
307 2130 523 2218 transgresso
544 2117 583 2188 in
597 2117 746 2217 Virgine
772 2119 839 2214 (9).
861 2119 903 2187 ln
921 2129 1037 2188 totum
1054 2142 1141 2189 vero

173 2256 310 2311 remeat
324 2241 363 2310 in
378 2256 480 2312 xxm
498 2265 593 2314 nona
613 2255 715 2341 parte
727 2236 898 2339 Virginis.

611 2386 638 2448 ς.
660 2380 704 2440 Va

228 2536 262 2583 1.
278 2510 379 2583 Idem
393 2509 510 2583 Julius
520 2512 559 2582 in
568 2507 693 2581 eodem
701 2509 793 2581 libro
804 2507 880 2583 rDe
891 2509 991 2612 Tigri
999 2538 1141 2614 quoque

175 2633 291 2739 dicere
308 2632 463 2704 hocloco
479 2658 544 2732 par
561 2646 613 2704 est
627 2632 719 2728 (10).
734 2631 777 2702 ln
789 2632 971 2703 Armeniae
989 2636 1067 2729 (11)
1080 2660 1140 2705 re·

153 2752 156 2758 ‘
174 2758 296 2859 gione,
311 2772 418 2856 caput
434 2754 527 2827 tollit
543 2754 633 2827 mire
649 2781 756 2856 quam
765 2754 922 2826 lucidum
931 2807 942 2846 ‚
956 2756 1140 2856 conspicuo

174 2875 295 2968 fonte,
316 2877 354 2948 in
374 2876 454 2948 loco
472 2875 589 2967 edito,
607 2875 669 2976 qui
687 2873 812 2977 Elegos
834 2874 1039 2947 nominatur
1045 2904 1058 2969 3
1075 2904 1141 2948 nec

174 2997 219 3069 ab
236 2996 379 3069 exordio
395 2995 516 3069 statim
535 3010 631 3067 totus
653 3009 718 3067 est.
738 2993 901 3066 Primum
917 2997 1018 3097 pigre
1036 2994 1139 3089 fluit,
1265 3038 1270 3057 .

173 3144 246 3187 non
264 3144 327 3188 suo
340 3116 483 3188 nomine
499 3145 508 3187 r
523 3132 561 3186 at
577 3141 659 3186 cum
675 3113 764 3187 fines
782 3115 976 3189 Medorum
993 3120 1073 3213 (12)
1087 3118 1140 3190 iri-

174 3252 297 3308 vectus
312 3253 384 3331 est,
401 3234 520 3335 Tigris
535 3232 615 3330 (13)
632 3234 753 3307 statim
770 3233 901 3308 dicitur
918 3265 929 3308 r
954 3237 1005 3309 ita
1022 3238 1139 3311 nomi-

174 3328 263 3426 riant
274 3355 376 3423 Medi
388 3357 465 3447 (14)
481 3350 659 3451 sagittam.

214 3533 261 3601 (ι)
280 3524 420 3584 Catoten.
440 3518 544 3580 Codd.
610 3530 655 3595 (a)
672 3523 863 3585 Nominarit.
887 3525 925 3584 B.
1009 3524 1140 3601 (ΜΗ.

172 3629 259 3714 quid.
271 3627 309 3688 Β.
395 3629 440 3701 (4)
456 3623 582 3682 Evenit.
596 3621 635 3683 B.
718 3626 764 3698 (5)
788 3627 890 3686 Locus
902 3627 1139 3710 mutiluc5fortc

172 3714 241 3794 raro
255 3730 435 3814 (longitudo
447 3726 567 3807 itlius),
584 3746 729 3789 mecum
743 3737 756 3805 (
767 3752 809 3789 m.
819 3752 849 3811 p.
860 3737 876 3803 .)
939 3732 986 3811 (6)
998 3733 1082 3795 Nilo.
1096 3737 1135 3796 Β.

172 3848 218 3920 (7)
232 3837 263 3896 A
278 3836 510 3916 Mesopotamia.
523 3833 562 3896 B.
643 3835 693 3914 (8)
709 3834 832 3895 Munui.
848 3836 889 3896 A.
975 3845 1021 3923 (9)
1036 3841 1138 3915 Locus

172 3944 212 4007 de
232 3938 344 4002 mendo
357 3939 613 4022 mihiturpectns.
679 3948 746 4014 (ιο)
759 3939 876 4006 Parem.
891 3942 929 4003 Β.
995 3946 1063 4015 (ιι)
1074 3943 1137 4002 Ar·

172 4050 304 4109 moessiae.
320 4043 419 4105 codd.
458 4040 723 4124 ('12)Moedorum.
738 4044 843 4108 Codd.
886 4045 1133 4127 (13tTygris.B.

173 4150 364 4233 (14)Moedi.
378 4147 482 4211 coda.
916 4225 941 4301 3
1120 4162 1124 4171 ·

1141 4248 1148 4289 ι
