2574 4920
197 314 246 390 3ο
506 360 507 365 1
528 307 568 379 C.
587 306 661 381 vl.
689 319 717 394 S.
731 306 828 381 Vll.

248 483 286 531 2.
298 453 436 528 Suntin
448 454 551 528 India
559 469 734 553 praeterea
746 452 853 525 boves
864 453 1049 531 unicornes
1057 485 1070 553 ;
1084 462 1149 535 sed
1162 471 1180 560 ,⁴

200 577 437 651 atrocissimus
468 591 522 649 est
542 602 775 667 monoceros,
802 589 1000 650 monstrum
1027 584 1181 683 mugitu

200 700 369 794 horrido,
393 697 522 797 equino
536 723 703 797 corpore,
715 694 900 794 elephanti
915 697 1181 807 pedibus'clau7

199 821 254 895 dis
265 877 277 918 ,
296 818 449 913 villosis,
475 819 589 917 capite
614 819 780 911 cervino,
801 845 913 890 cornu
934 845 957 890 o
982 823 1180 920 media(1)

12 985 16 991 ·
122 1027 133 1048 .
196 939 315 1017 fronte
351 939 429 1038 ejus
461 939 702 1038 protenditur,
728 938 915 1038 splendore
934 941 1083 1016 mirifico
1094 1001 1107 1040 ,
1126 946 1179 1017 ad

204 1062 489 1164 magnitudinem
504 1062 637 1162 pedum
655 1077 829 1163 quatuor,
854 1061 908 1134 ita
927 1043 1088 1160 acutum,
1105 1083 1179 1162 ut,

121 1239 125 1242 -
201 1184 371 1285 quicquid
401 1183 576 1282 impetat,
610 1179 711 1255 facile
737 1183 811 1254 ictu
842 1181 919 1282 ejus
954 1182 1180 1284 perforetur,

201 1305 317 1380 ¹Vivus
332 1332 402 1377 non
417 1306 517 1378 venit
534 1306 572 1375 in
591 1304 777 1378 hominum
800 1307 852 1400 (α)
863 1321 1085 1405 potestatem
1095 1337 1108 1402 3
1135 1325 1179 1384 et

205 1427 367 1500 interimi
385 1427 438 1523 (3)
460 1426 606 1526 quidem
632 1442 769 1526 potest,
788 1426 865 1525 capi
884 1452 957 1499 non
977 1445 1105 1527 potest.

252 1548 291 1620 3.
315 1547 379 1620 Est
403 1546 605 1619 rhinoceros
619 1550 672 1642 (l)
689 1547 728 1617 in
745 1544 955 1647 AEthiopia,
978 1549 1051 1622 sive
1072 1548 1179 1647 ejus·

204 1670 311 1758 dem,
329 1669 387 1744 vel
405 1668 553 1747 alterius
582 1668 704 1741 similis
723 1664 883 1770 generis,
907 1671 1034 1770 dequo
1053 1668 1181 1745 Julius

206 1791 346 1862 Solinus
362 1792 466 1888 longe
484 1791 533 1862 sic
558 1791 608 1862 ait
624 1819 635 1861 r
654 1791 750 1862 Ante
767 1790 868 1862 ludos
884 1791 969 1864 Cnei
989 1792 1042 1887 (5)
1058 1791 1178 1862 Pom-

206 1909 280 2011 peii
287 1962 300 2003 ,
311 1910 572 1987 rhinocerotem
586 1936 732 1986 romana
745 1910 940 2011 spectacula
951 1910 1182 1987 nesciebant:

210 2030 277 2104 Cui
293 2030 425 2104 ⁴bestiae
455 2031 507 2127 (6)
529 2031 625 2103 color
644 2032 802 2131 buxeus,
828 2034 866 2107 in
891 2033 1035 2109 naribus
1062 2059 1180 2106 cornu

208 2153 357 2227 unicum
385 2166 422 2224 et
448 2151 675 2251 repandum,
703 2156 801 2256 quod
831 2155 981 2233 subinde
1011 2153 1181 2234 attritum

209 2272 372 2346 cautibus
387 2272 425 2343 in
441 2300 647 2348 mucronem
665 2276 814 2367 excitat,
825 2302 868 2348 eo
880 2277 994 2376 quod,
1008 2275 1183 2348 adversus

209 2394 417 2495 elephantos
434 2399 488 2493 (7)
510 2394 693 2494 praeliatur
713 2395 782 2492 (8).
804 2394 874 2465 Par
905 2394 987 2492 ipsis
1014 2393 1200 2491 longitu-⁴

209 2515 293 2587 dine
302 2567 314 2606 ,
332 2516 474 2588 brevior
490 2517 634 2589 auribus
647 2518 700 2613 (9)
720 2543 730 2584 t
752 2512 964 2584 naturaliter
978 2511 1098 2583 alvum
1112 2541 1182 2611 pe·

210 2651 312 2728 tens3
338 2664 445 2738 quam
463 2639 541 2739 (ιο)
564 2636 673 2711 solam
688 2634 853 2741 intelligit
865 2633 993 2703 ictibus
1008 2636 1041 2729 (r
1052 2637 1086 2729 r)
1103 2635 1182 2709 suis

210 2760 385 2858 perviam.

246 2877 596 2968 4.Estaliudanimal
605 2880 643 2946 in
652 2874 1068 2976 AfricaCyrenaica(rnl,
1078 2878 1177 2976 quod

209 2999 251 3071 in
266 2995 334 3068 alia
350 3011 445 3067 terra
460 2993 540 3065 fieri
556 3023 629 3068 non
651 2997 801 3097 legimus
821 3028 830 3070 z
852 2998 896 3069 de
916 3023 987 3095 quo
1007 2996 1101 3068 idem
1121 2995 1179 3069 ita

212 3119 317 3221 longe
335 3132 416 3189 ante
430 3113 511 3196 infit
536 3144 545 3188 ι

252 3441 292 3507 (1)
302 3435 539 3495 Cornuamedia.
548 3435 649 3496 codd.
716 3440 762 3505 (2)
775 3436 950 3497 Hominem.
963 3435 1004 3493 A.
1073 3433 1118 3506 (3.)
1129 3435 1189 3493 In·

212 3539 312 3600 terim.
320 3538 356 3596 B.
426 3543 459 3611 (4
468 3570 473 3599 t
482 3538 669 3599 Renoceron.
681 3538 723 3597 A.
735 3538 916 3599 Rinoceron.
927 3541 964 3599 B.
1033 3534 1185 3613 (tanei.

219 3641 325 3706 codd,
391 3638 437 3713 (6)
448 3640 560 3700 Bestie.
574 3644 609 3700 B.
680 3647 728 3722 (7)
740 3641 978 3724 Elephantes.B.
1041 3640 1186 3713 (8)l'roe-

214 3748 316 3816 liatur.
338 3745 378 3805 A.
464 3751 511 3824 (9)
537 3744 692 3807 cruribus.
715 3746 752 3812 Β.
836 3756 900 3823 (so)
925 3748 1033 3827 Quem.
1068 3741 1182 3807 Codd.

217 3857 277 3934 (rr)
297 3850 437 3915 Actibus.
457 3848 567 3914 Codd:
633 3858 699 3929 (ια)
719 3853 880 3921 Cirinacia.
900 3851 944 3916 A·
960 3849 1118 3917 Cirinatia.
1138 3848 1185 3919 Β,
