2574 4920
160 316 209 389 28
493 311 532 380 6.
552 305 625 378 VI.
654 319 681 389 s.
703 304 776 378 Vl.

89 474 92 493 '
190 466 244 531 '2.
269 452 394 528 Influit
409 454 448 525 in
468 451 687 523 Arethusam
702 450 947 521 lacumomnia
964 451 1129 551 pondera

160 579 416 665 sustinentem,
436 572 535 670 cujus
549 572 659 671 pisces
678 594 864 670 nunquam
881 598 919 643 se
935 571 1034 646 alveo
1058 575 1128 645 Ti·

159 700 231 800 gris
249 705 303 797 (1)
321 700 491 787 miscent,
509 695 623 788 sicut,
644 723 709 768 nec
735 694 864 767 amnici
888 699 945 794 (a)
960 697 1068 796 pisces
1088 699 1130 771 in

160 837 327 922 stagnum
348 831 534 889 transeunt
561 815 753 888 Arethusae
765 867 778 907 ,
803 843 870 916 per
893 844 1005 918 quam
1027 819 1130 892 dissi.

160 941 237 1014 mili
252 940 365 1012 colore
386 952 484 1008 et...
502 936 637 1009 volucri
657 951 755 1009 meat
767 962 887 1009 cursu.

81 1054 89 1072 ’
207 1059 500 1151 3..Μοκ,Ταιιτο
526 1059 734 1150 resistente,
757 1058 795 1129 in
813 1054 1031 1158 profundum
1044 1088 1128 1160 spe-

160 1209 242 1257 cum
255 1184 444 1284 mergitur,
459 1207 567 1282 quem
578 1179 821 1255 subterlaberis
837 1231 849 1273 ,
865 1181 903 1252 in
922 1181 1033 1255 altero
1050 1181 1128 1281 ejus
1224 1180 1230 1191 ’

160 1303 272 1376 latere
285 1304 381 1404 apud
394 1303 551 1376 zomata
572 1303 699 1375 emicat
713 1303 788 1397 (3),
807 1301 907 1373 ulvas
923 1302 977 1399 (4)
990 1317 1029 1375 et
1039 1329 1131 1403 pur·

161 1442 332 1525 gementu
352 1427 506 1527 plurima
517 1451 635 1497 secum
649 1423 806 1496 trahens.
822 1423 985 1515 Deinde,
1002 1424 1133 1497 identi-

160 1547 244 1619 dem
269 1550 323 1645 (5)
350 1548 534 1620 abscondit
553 1575 612 1642 se,
649 1572 844 1646 rursusque
874 1548 927 1643 (6)
951 1546 1127 1620 redditur.

32 1687 37 1693 ·
161 1668 368 1742 Adiabenos
390 1674 443 1768 (7)
460 1669 671 1770 Arabasque
687 1666 900 1768 praeterfluit
920 1667 991 1764 (8);
1006 1666 1129 1738 Meso·

163 1790 360 1886 potamium
401 1789 660 1887 amplectitur3
697 1815 838 1860 amnem
872 1786 1129 1858 nobilissimum

169 1909 329 2005 Conspen
346 1906 483 2005 accipit.
504 1906 707 2006 Longitudo
723 1907 817 1980 illius
834 1928 1026 2001 Duceret,
1042 1905 1130 1977 lati-

167 2027 331 2100 tudinem
345 2026 422 2125 ejus
438 2053 509 2098 non
525 2027 610 2128 legi.

213 2153 250 2239 4.
277 2148 348 2221 Sed
377 2148 513 2220 Plinius
541 2149 726 2222 Secundus
749 2150 862 2224 altero
883 2150 1026 2223 nomine
1042 2173 1133 2248 prae-

164 2268 301 2341 dictum
315 2285 481 2369 stagnum
497 2272 681 2363 nominat,
700 2273 797 2372 quod
813 2299 908 2344 nuuc
927 2271 1133 2362 obliviscor,

165 2405 204 2461 et
221 2416 350 2490 aquam
367 2389 460 2462 illius
478 2385 594 2491 stagni
610 2418 767 2464 amaram
779 2417 852 2462 esse
867 2404 1010 2480 narrat,
1023 2403 1133 2486 atque

165 2506 322 2578 fluminis
332 2509 578 2584 dulcemzideo
586 2509 800 2610 fluviipisces
809 2508 1001 2582 evitantire
1011 2507 1048 2575 iu
1059 2522 1135 2577 sta·
1216 2554 1220 2560 ·

165 2623 1131 2734 gnum,velutistagnipiscesintrareinflumenfugiunt.

593 2836 619 2900 t.
641 2827 701 2887 Vt.

221 2997 254 3046 1.
272 2964 373 3048 Idem
397 2974 514 3052 Julius
537 2990 614 3079 post
635 2973 752 3047 multa
770 2973 947 3047 zMaximi
969 2976 1008 3046 in
1030 2976 1134 3053 India

169 3124 289 3170 amnes
329 3098 469 3202 Ganges
514 3115 551 3172 et
592 3099 730 3189 Indus,
777 3126 931 3199 quorum
981 3098 1128 3199 Gangen

78 3275 83 3283 ,
169 3216 315 3317 quidam
346 3215 501 3291 sontibus
529 3218 672 3291 incertis
705 3220 825 3310 nasci,
857 3235 895 3292 et
925 3217 996 3290 Nili
1026 3216 1129 3288 modo

210 3432 387 3512 (r)Tygris.
407 3439 445 3496 B.
530 3447 577 3510 (2)
601 3437 747 3496 Aminici.
767 3433 869 3491 codd.
955 3436 1001 3508 (3)
1014 3435 1131 3494 Aroma

170 3536 310 3613 demicat.
321 3537 364 3596 A.
374 3538 417 3598 Β.,
495 3544 630 3617 (4)Vias.
641 3543 690 3610 A,
713 3544 836 3599 etintra
852 3561 958 3601 versus
968 3541 1068 3623 algas,
1084 3561 1132 3600 re·

167 3641 370 3700 semmua.
393 3646 396 3654 '
436 3640 483 3717 (5)
496 3642 685 3702 Identidem.
700 3641 738 3703 B.
824 3645 871 3720 (6)
883 3644 1052 3706 Abscondit
1063 3664 1131 3701 rur·

172 3762 297 3824 surque.
338 3741 443 3808 codd.
538 3750 586 3828 (7)
604 3746 792 3812 Adabienos.
807 3750 910 3813 codd.
996 3751 1040 3823 (8)
1062 3748 1132 3808 Pre-

173 3843 296 3908 terfluit.
310 3847 413 3911 codd.
