2574 4920
179 316 225 388 50
518 317 557 388 C.
576 302 673 384 Vll.
701 325 729 399 ς.
751 312 801 384 Χ.

176 460 292 532 inedia
309 430 468 562 dogunt.
492 458 575 532 Alia
599 484 680 562 quae
705 457 843 559 scripsit
869 459 919 554 (1)
945 460 992 534 de
1008 477 1152 537 natura

174 580 337 653 crocodili
354 632 368 673 ,
385 581 512 652 ideirco
536 580 594 652 hie
605 578 843 680 praetermitto
854 635 869 678 ‚
893 583 976 682 quia
996 585 1038 657 in
1059 611 1154 657 1110*

172 701 475 802 Etymologiarum
486 700 595 794 libro,
607 701 770 803 „quisquis
789 701 944 775 voluerit
961 705 1153 781 inveniet:

219 821 257 895 3.
277 821 320 892 In
338 820 415 892 aliis
431 845 511 921 quae
527 835 726 922 sequuntur
743 827 795 920 (2)
816 821 869 893 illi
884 850 1049 899 nonaum
1063 854 1149 900 cre-

170 941 299 1034 dulus,
314 939 368 1012 ita'
380 943 487 1041 paulo
503 957 587 1014 ante
603 941 734 1013 dicenti
749 972 759 1013 ι
780 945 956 1018 Habitant
967 947 1005 1018 in
1019 947 1149 1021 insula

169 1063 248 1136 Nili
267 1061 427 1135 homines
439 1059 553 1135 forms
563 1064 707 1164 exigui,
725 1064 789 1135 sed
800 1066 946 1139 audacis
954 1067 1005 1156 (3)
1018 1094 1146 1168 usquo

168 1184 258 1255 adeo
274 1183 410 1283 periti,
427 1199 470 1256 ut
484 1184 665 1267 crocodilis
682 1211 718 1257 se
730 1182 884 1260 offerant
894 1187 1024 1260 obvios.
1038 1189 1145 1265 Nam

31 1350 34 1355 <
167 1304 244 1377 haec
259 1320 419 1377 monstra
434 1301 610 1406 fugientes
625 1323 825 1407 sequuntur
843 1313 895 1402 (4)
907 1358 922 1394 ,
940 1305 1144 1382 formidant

167 1425 388 1519 resistentes,
406 1442 444 1499 et
459 1426 665 1526 capiuntur,
682 1428 890 1528 subactique
909 1427 1019 1500 etiam
1031 1429 1141 1501 intra

168 1574 278 1649 aquas
306 1575 387 1620 suas
406 1549 588 1640 serviunt,
607 1563 645 1621 et
665 1548 857 1648 perdomiti
878 1565 978 1623 metu
997 1551 1050 1649 (5)
1076 1551 1139 1622 ita

60 1734 64 1741 .
152 1669 415 1769 obsequuntur
434 1669 513 1764 (6),
533 1685 575 1741 ut
592 1669 818 1743 immemores
844 1669 1059 1760 atrocitatis,
1078 1670 1143 1741 vi·

146 1766 152 1799 ³
169 1806 284 1863 stores
292 1819 373 1863 suos
387 1792 589 1890 equitantes
605 1793 644 1863 in
655 1792 758 1864 dorso
771 1791 914 1864 vehant.
925 1790 1026 1860 Hanc
1037 1816 1139 1888 ergo

166 1911 319 1984 insulam
344 1929 381 1985 et
398 1911 490 1984 hanc
512 1928 680 2014 gentem,
697 1913 911 2013 ubicumque
923 1908 1053 1984 indicio
1072 1912 1140 2009 (7)

169 2031 285 2105 odoris
295 2033 553 2132 persenserint,
569 2035 693 2137 procul
704 2031 860 2136 fugiunt.

600 2263 626 2332 ς.
648 2254 697 2318 Χ.·

73 2502 76 2513 Ι
142 2466 154 2491 ,
215 2433 247 2482 1.
267 2390 368 2480 Idem
392 2409 508 2482 Julius
527 2411 565 2481 in
587 2407 712 2481 eodem
730 2405 890 2507 praedioti
911 2427 1002 2502 pene
1018 2402 1136 2476 volu-

162 2527 266 2598 minis
285 2528 377 2621 fine,
396 2530 531 2630 aliquas
546 2527 757 2600 nominatim
767 2527 811 2600 de
820 2523 936 2598 Rubri
945 2521 1054 2593 maris
1071 2522 1136 2595 in·

79 2640 82 2648 ⁴
163 2645 552 2724 sulisostenditdicensa
566 2646 860 2723 ...Inoccidentoli
870 2642 961 2714 mari
970 2641 1134 2715 Persidis

162 2767 251 2840 Solis
271 2788 325 2843 est
338 2772 452 2842 insula
467 2771 620 2862 rubens,
639 2771 734 2839 omni
748 2764 984 2838 anirnantium
999 2764 1133 2863 generi

158 2888 355 2980 inaccessa3
375 2890 507 2987 quippe
525 2913 606 2985 quae
623 2914 727 2959 omne
745 2885 875 2959 animal
886 2884 1039 2957 inlatum
1055 2913 1129 2986 pe-

160 3009 270 3080 rimit.

206 3157 241 3203 2.
259 3130 361 3202 Idem
374 3128 567 3230 paulopost
583 3129 650 3201 hoc
664 3180 675 3220 ,
695 3129 735 3200 in
750 3128 821 3200 fine
835 3128 889 3199 sui
899 3126 1002 3198 libri=
1008 3177 1101 3195 ......
1110 3179 1124 3198 .

157 3251 212 3323 Ex
228 3251 388 3325 Arabicis
406 3251 552 3343 insulis,
570 3277 657 3351 quas
680 3249 810 3320 Ascitae
825 3248 877 3341 (8)
895 3246 1028 3318 Arabes
1046 3244 1125 3314 ha-

194 3546 238 3614 (1)
250 3539 372 3620 Scripsi.
385 3543 421 3602 B.
503 3549 546 3616 (2)
567 3539 723 3599 Secuntur.
752 3537 856 3599 Codd.
940 3535 984 3610 (3)
1006 3533 1122 3592 Auda-

152 3647 207 3707 tia.
227 3643 265 3704 B.
349 3648 393 3716 (4)
407 3644 728 3723 Fugientiasecuntur.
744 3642 846 3702 codd.
935 3641 978 3716 (5)
999 3637 1125 3696 Perdo-

153 3755 256 3812 mitam
269 3764 299 3811 et
309 3748 487 3810 vita.Codd.
551 3748 595 3821 (6)
604 3748 805 3830 obsecuntur.
815 3749 914 3811 codd.
976 3742 1123 3827 (ῃῦὴί-

155 3877 274 3938 cunque
291 3855 414 3920 inditio.
427 3851 466 3915 B·
552 3852 598 3928 (8)
611 3852 719 3913 acite.
733 3851 836 3916 codd.

936 4046 939 4052 .
1071 4013 1077 4053 l
