2574 4920
583 298 586 308 ι

1126 400 1134 413 0

121 773 250 855 confici,
261 789 306 838 ter
315 775 418 859 quinis
426 779 473 857 (1)
485 779 584 859 aperit
592 799 662 838 cum
671 776 799 838 fastibus
808 780 858 858 (α)
866 799 991 841 aunum.

123 881 279 963 Supplices
290 882 347 942 hoc
358 881 487 960 famuli,
504 882 577 942 dum
595 882 721 960 scribit,
734 884 832 971 pingit
841 897 873 943 et
885 881 974 964 alter,

125 985 287 1047 Mercibus
305 990 444 1069 exiguis,
455 999 588 1049 veterum
599 1001 793 1048 monuments
804 987 850 1062 (3)
866 990 960 1049 secuti
971 1026 983 1068 ‚

123 1089 161 1150 Ia
172 1090 281 1150 melius
292 1113 460 1174 reparamus
470 1097 516 1167 (4)
524 1113 617 1172 opus,
628 1093 806 1174 culpamque
814 1095 942 1174 priorem
953 1132 965 1172 ,
1012 1136 1016 1141 -

126 1190 281 1282 Tollimur
292 1194 338 1271 (5)
349 1236 359 1274 ,
369 1217 403 1256 ac
412 1209 507 1256 totum
519 1176 647 1258 brevita'r
655 1196 898 1279 comprendimus
909 1196 956 1272 (6)
964 1197 1083 1270 orbems

125 1295 185 1359 Sed
194 1286 294 1360 tamen
304 1341 315 1380 ,
325 1300 382 1361 hoc
394 1316 445 1362 tua
454 1323 512 1362 uos
522 1303 626 1362 docuit
634 1306 800 1384 sapientia,
811 1301 950 1386 Princeps

173 1473 255 1546 Non
279 1475 387 1547 debet
409 1477 533 1548 mirari
548 1477 645 1578 quod
665 1478 704 1548 in
717 1477 833 1578 primo
854 1477 931 1550 looo
945 1455 1088 1576 septimi

126 1612 164 1668 et
183 1597 297 1668 octavi
314 1623 437 1669 versus
452 1597 623 1688 istorum,
636 1597 896 1697 amphimacrus
911 1601 966 1700 (7)
977 1599 1088 1698 scrip·

125 1731 185 1786 tus
201 1714 288 1807 θεῖς’
306 1717 495 1816 quonim,
521 1734 564 1790 ut
585 1698 681 1812 reor,
709 1747 782 1792 non
804 1718 1002 1819 imperitia,
1026 1717 1089 1791 secl

125 1837 340 1910 auctoritate
369 1839 519 1911 aliorum
544 1855 758 1939 poetarum,
781 1856 818 1913 et
833 1840 987 1914 maxine
1002 1838 1091 1914 -vir-

125 1957 225 2057 gilii,
244 1984 352 2057 quem
373 1960 413 2031 in
431 1959 560 2033 talibus
573 1962 685 2034 causis
696 1977 817 2034 noster
833 1960 1012 2034 simularit
1023 1958 1091 2032 Se·
1166 1988 1169 2001 ·

125 2077 269 2170 ‹luliusp
296 2078 358 2179 qui
389 2081 427 2150 in
455 2080 603 2152 heroicis
627 2081 841 2154 carminibus
867 2107 951 2157 retu
982 2079 1094 2178 pedes

128 2197 258 2271 alienos
282 2199 412 2273 abillis
432 2186 658 2301 posuerunt.·
906 2192 909 2201 ¹

131 2449 1093 2483 mmmmmmwummumwmmmmmmw

385 2681 388 2687 ·
447 2641 657 2718 CAPUT
703 2642 785 2718 VI:

302 2856 367 2935 Dc
385 2869 536 2964 quinque
555 2861 758 2962 fluminibus
772 2874 811 2934 et
826 2859 922 2932 aliis.

183 3080 296 3152 Juxta
321 3076 477 3151 Plinium
508 3078 736 3170 Secundum,
764 3097 998 3148 numerorum
1022 3073 1097 3148 locs

136 3226 217 3299 quae
236 3190 276 3272 iu
290 3198 433 3302 prologo
449 3199 600 3300 praedixi
614 3199 818 3299 relinquere
829 3224 962 3288 vacua,
976 3222 1097 3296 reper-
1126 3242 1131 3253 =

138 3319 184 3390 tis
200 3319 286 3410 illis,
304 3321 477 3417 supplevi.
493 3319 582 3410 Sed,
600 3320 629 3388 si
647 3310 805 3416 quisquis
819 3316 967 3389 meliora
980 3341 1098 3388 exem·

138 3440 253 3541 pluria
277 3436 475 3527 invenerit,
492 3435 637 3526 videat,
661 3435 690 3505 si
711 3435 906 3533 placuerit,
928 3461 974 3507 ne
998 3434 1098 3533 piger

140 3560 317 3660 corrigere
333 3554 454 3631 fueris.

181 3855 222 3924 (1)
233 3845 399 3907 Conficitur
410 3847 525 3928 quiuis.
539 3845 580 3906 G.
594 3841 711 3906 Coufici
723 3843 838 3926 quiuis.
850 3841 889 3901 B.
951 3847 996 3917 (s)
1011 3841 1101 3905 Faci-

141 3955 210 4015 bus.
233 3952 276 4013 G.
342 3949 389 4027 (3)
406 3950 608 4011 Monimeuta.
630 3949 673 4010 ῦς
738 3946 1042 4029 (l)llepsremus.A.
1060 3943 1097 4005 ll.

146 4059 195 4136 (5)
215 4056 382 4117 Tollimur.
411 4052 512 4114 codd.
618 4053 650 4127 6)
665 4049 973 4147 Ὀοωριοὴωδίωυο.
997 4049 1039 4116 Α,
1061 4043 1097 4108 B.
1147 4062 1150 4067 ·

145 4170 191 4248 (7)
214 4158 474 4251 Amphimachrus.
494 4156 594 4220 codd.
