2574 4920
487 627 527 699 C.
548 626 623 701 Vl.
651 641 680 713 S.
698 624 797 699 VII.
1071 658 1120 729 29

153 775 330 851 exsultare
365 774 615 866 contendunt3
650 772 711 846 alii
742 771 917 844 volunta
948 771 1119 873 Scythicis

151 898 334 973 montibus
348 895 490 970 exoriri.
506 894 686 996 Hyphasis
700 893 753 990 (ι)
772 892 883 964 etiam
907 892 959 966 ibi
977 892 1122 966 nobilis·
1159 986 1167 1005 κ

152 1021 264 1094 simus
288 1019 444 1112 fluvius,
474 1017 538 1118 qui
567 1005 766 1089 Alexandri
794 1013 919 1116 Magni
944 1015 1015 1088 iter
1043 1031 1118 1088 ter-

152 1145 325 1239 minavit,
349 1141 450 1215 sicuti
472 1144 525 1238 (a)
560 1165 632 1213 arae
663 1141 702 1213 in
728 1140 806 1240 ripa
825 1140 902 1238 ejus
925 1140 1049 1237 poaitae
1067 1137 1121 1236 (3)

152 1267 318 1365 probant.
342 1264 495 1337 Minima
512 1263 644 1363 Gangis
661 1265 715 1361 (4)
732 1260 964 1360 latitudoper
980 1287 1057 1335 v111
1067 1289 1118 1332 m.
1145 1321 1149 1329 ,
1182 1348 1190 1363 ι

152 1414 350 1487 passuum,
380 1387 535 1469 maxima
568 1412 634 1485 per
671 1409 728 1456 xx
767 1397 880 1484 patet.
920 1381 1120 1483 longitudo

152 1534 310 1580 coccum
322 1536 371 1587 m.
385 1537 441 1608 p.;
457 1507 630 1599 altitudo,
647 1506 710 1579 ubi
719 1504 963 1581 velocissimus
976 1507 1030 1603 (5)
1043 1519 1119 1596 est,
1227 1526 1231 1535 “

151 1657 357 1702 mensuram
378 1632 552 1731 cpedum
572 1630 732 1705 devorat.

201 1776 239 1821 2.
259 1751 359 1823 Idem
375 1751 482 1851 paulo
494 1766 595 1850 post
611 1751 654 1824 In
667 1751 790 1852 Gange
807 1748 922 1822 insula
939 1764 992 1821 est
1003 1774 1120 1848 popu

150 1867 320 1943 losissima
332 1872 388 1968 (6)
397 1870 649 1972 amplissimam
663 1872 846 1945 continens
865 1885 1035 1970 gentem,
1056 1896 1119 1940 cu-

149 1989 206 2089 jus
223 2018 288 2064 rex
305 1995 466 2092 peditum
491 1992 996 2097 n,equ1tum(7)1111('8)m
1013 1989 1121 2064 armis

149 2110 273 2184 habet.
284 2113 417 2188 Omnes
425 2142 528 2208 sane,
542 2142 760 2217 quicumque
770 2115 913 2215 praedrtr
924 2128 1010 2186 sunt
1022 2111 1122 2213 regia

149 2248 347 2330 potestate,
362 2263 433 2307 non
445 2238 520 2309 sine
531 2236 686 2309 maximo
703 2237 997 2336 elephantorum,
1015 2233 1120 2333 equi-

150 2367 230 2421 tum
242 2354 351 2423 etiem
358 2356 612 2453 ,peditumque
621 2383 772 2427 numero
781 2357 972 2437 militarem
983 2355 1121 2454 agitant

148 2470 383 2571 disciplinam.

574 2603 600 2670 l.
622 2596 711 2658 vll.

205 2726 239 2774 ι.
259 2698 360 2772 Idem
373 2700 479 2801 paulo
497 2716 605 2800 post:
628 2699 813 2802 Anguillas
833 2702 887 2798 (9)
905 2700 951 2772 ad
970 2699 1120 2775 tricenos

152 2820 259 2921 pedes
282 2821 404 2922 longas
424 2822 552 2896 educat
577 2823 737 2924 Ganges,
764 2850 872 2924 quem
898 2821 1033 2896 Statius
1056 2820 1119 2895 Se·

152 2938 258 3013 bosus
272 2940 368 3016 inter
379 2943 560 3044 praecipua
569 2943 738 3016 miracula
749 2944 800 3015 ait
812 2943 991 3017 vermibus
1008 2942 1120 3017 abun·

153 3061 1122 3160 dare,caeruleisnomineetcolore3hibina(1o)habent
1235 3076 1239 3082 ’

152 3182 298 3256 brachia
318 3184 546 3286 longitudinis
570 3186 772 3259 cubitorum
795 3212 867 3259 non
892 3186 1009 3261 minus
1039 3189 1118 3284 (11)

153 3328 339 3395 senorum,
357 3306 446 3378 adeo
462 3304 616 3379 robustis
630 3307 785 3399 viribus,
798 3323 842 3379 ut
857 3306 1064 3406 elephantes
1074 3304 1120 3380 ad

153 3439 279 3523 potum
295 3422 527 3515 ventitantes,
552 3424 711 3499 mordaci
733 3427 1001 3525 comprehensos
1023 3426 1119 3523 ipso·

154 3572 235 3617 rum
250 3571 359 3616 manu
375 3543 517 3642 rapiant
529 3544 568 3615 in
579 3540 808 3643 prolimdum.

196 3770 237 3838 (ι)
248 3766 417 3844 Hypssnes.
431 3765 534 3827 codd.
623 3769 672 3843 (a)
687 3765 797 3827 Secuti.
814 3767 853 3828 Β.
940 3766 987 3846 (S)
1007 3770 1120 3831 Are...

102 3873 264 3953 ,posite
287 3871 325 3929 B.
409 3877 455 3946 (4)
479 3873 589 3935 Genio.
608 3873 647 3934 Β.
733 3873 778 3948 (5)
796 3872 1055 3937 Vadoeissimum.
1076 3874 1117 3936 A.

156 3978 202 4048 (6)
212 3974 493 4058 populosissimam.
507 3977 545 4038 B.
611 3981 658 4058 (7)
671 3977 848 4063 AEquitnm.
859 3978 902 4039 A.
972 3982 1017 4053 (u)
1029 3999 1118 4039 ιιιιι.

162 4079 262 4139 codd.
359 4088 406 4163 (9)
438 4078 613 4171 Anguilles.
649 4084 685 4141 B.
781 4093 844 4159 (ιο)
877 4084 926 4142 Ha
959 4083 1041 4142 bins.
1074 4084 1117 4144 A.

159 4189 226 4264 (ιι)
249 4207 280 4246 ιι
293 4189 405 4247 minus.
419 4186 456 4249 Β.

952 4270 977 4356 t
